{
  "leader": "04320cam a22004451i 4500",
  "fields": [
    {
      "001": "ocm00421748\\"
    },
    {
      "003": "OCoLC"
    },
    {
      "005": "20220105101251.0"
    },
    {
      "008": "850925s1967\\\\\\\\nyu\\\\\\\\j\\\\\\\\\\\\000\\0ceng\\\\"
    },
    {
      "010": {
        "ind1": "\\",
        "ind2": "\\",
        "subfields": [
          {
            "a": "   67019923 "
          }
        ]
      }
    },
    {
      "040": {
        "ind1": "\\",
        "ind2": "\\",
        "subfields": [
          {
            "a": "DLC"
          },
          {
            "b": "eng"
          },
          {
            "c": "DLC"
          },
          {
            "d": "OCL"
          },
          {
            "d": "OCLCQ"
          },
          {
            "d": "XY4"
          },
          {
            "d": "BTCTA"
          },
          {
            "d": "IAD"
          },
          {
            "d": "OCLCF"
          },
          {
            "d": "OCLCQ"
          },
          {
            "d": "YBM"
          },
          {
            "d": "OCL"
          },
          {
            "d": "OCLCQ"
          },
          {
            "d": "JDP"
          },
          {
            "d": "OCL"
          },
          {
            "d": "OCLCO"
          },
          {
            "d": "OCL"
          },
          {
            "d": "OCLCA"
          },
          {
            "d": "OCLCQ"
          },
          {
            "d": "OCLCO"
          }
        ]
      }
    },
    {
      "019": {
        "ind1": "\\",
        "ind2": "\\",
        "subfields": [
          {
            "a": "469616"
          },
          {
            "a": "2164525"
          },
          {
            "a": "989925318"
          },
          {
            "a": "1013700158"
          }
        ]
      }
    },
    {
      "035": {
        "ind1": "\\",
        "ind2": "\\",
        "subfields": [
          {
            "a": "(OCoLC)421748"
          },
          {
            "z": "(OCoLC)469616"
          },
          {
            "z": "(OCoLC)2164525"
          },
          {
            "z": "(OCoLC)989925318"
          },
          {
            "z": "(OCoLC)1013700158"
          }
        ]
      }
    },
    {
      "042": {
        "ind1": "\\",
        "ind2": "\\",
        "subfields": [
          {
            "a": "lcac"
          }
        ]
      }
    },
    {
      "043": {
        "ind1": "\\",
        "ind2": "\\",
        "subfields": [
          {
            "a": "n-us---"
          }
        ]
      }
    },
    {
      "050": {
        "ind1": "0",
        "ind2": "0",
        "subfields": [
          {
            "a": "E184.A1"
          },
          {
            "b": "H6 1967"
          }
        ]
      }
    },
    {
      "060": {
        "ind1": "\\",
        "ind2": "4",
        "subfields": [
          {
            "a": "000069078"
          }
        ]
      }
    },
    {
      "082": {
        "ind1": "0",
        "ind2": "4",
        "subfields": [
          {
            "a": "305.800973"
          },
          {
            "b": "AME"
          }
        ]
      }
    },
    {
      "245": {
        "ind1": "0",
        "ind2": "0",
        "subfields": [
          {
            "a": "America's immigrants :"
          },
          {
            "b": "adventures in eyewitness history /"
          },
          {
            "c": "Rhoda Hoff, compiler."
          }
        ]
      }
    },
    {
      "260": {
        "ind1": "\\",
        "ind2": "\\",
        "subfields": [
          {
            "a": "New York :"
          },
          {
            "b": "H.Z. Walck, Inc.,"
          },
          {
            "c": "1967."
          }
        ]
      }
    },
    {
      "300": {
        "ind1": "\\",
        "ind2": "\\",
        "subfields": [
          {
            "a": "xiii, 156 pages ;"
          },
          {
            "c": "25 cm"
          }
        ]
      }
    },
    {
      "336": {
        "ind1": "\\",
        "ind2": "\\",
        "subfields": [
          {
            "a": "text"
          },
          {
            "b": "txt"
          },
          {
            "2": "rdacontent"
          }
        ]
      }
    },
    {
      "337": {
        "ind1": "\\",
        "ind2": "\\",
        "subfields": [
          {
            "a": "unmediated"
          },
          {
            "b": "n"
          },
          {
            "2": "rdamedia"
          }
        ]
      }
    },
    {
      "338": {
        "ind1": "\\",
        "ind2": "\\",
        "subfields": [
          {
            "a": "volume"
          },
          {
            "b": "nc"
          },
          {
            "2": "rdacarrier"
          }
        ]
      }
    },
    {
      "520": {
        "ind1": "\\",
        "ind2": "\\",
        "subfields": [
          {
            "a": "Letters, poems, advertisements, diaries, documents, and publications tell the story of immigrants of many nationalities as they adjusted to life throughout the United States, from 1784-1966."
          }
        ]
      }
    },
    {
      "505": {
        "ind1": "0",
        "ind2": "\\",
        "subfields": [
          {
            "a": "Information to those who would remove to America / Benjamin Franklin -- Forty shillings reward / Anonymous -- Form for binding a servant / From the Pennsylvania Registry of Redemption -- Base impositions practiced on British immigrants / British citizen -- Address to the British before they leave home / Anonymous -- General regulations relative to the colony / Stephen F. Austin -- Letter to the parents in England / J. and E. Thorpe -- Irish workmen build a canal near New Orleans / Tyrone Power -- Letter to his wife in England / John Downe -- Instructions to persons intending to emigrate / Captain Hale -- Young gardener from Brighton / Reverend Isaac Fidler -- Prospects for operatives in America / Three Scottish immigrants -- Defense of the foreign laborer / British mechanic -- Letter to a friend at home / Norwegian immigrant -- Pioneer clergyman in Wisconsin / Gustaf Unonius -- German farmer in Manitouwoc Rapids / Johann Friedrich Diederich -- Emigrant's guide to the state of Michigan / E.H. Thomson -- Instructions for German immigrants / Pastor Bogan -- How I got my first real start in life / Andrew Carnegie -- Adventures of a German gold miner / James S. Valk -- Circulars recruiting labor in Hong Kong / Three Chinese compradors -- Letter to her mother and daughter in Norway / Guri Endresen -- Arrangements for the reception of emigrants / James Macaulay, M.D. -- Why should the Chinese go? / Kwang Chang Lin -- President Hayes befriends an immigrant boy / Edward Bok -- Greenhorn at Columbia College / Michael Pupin -- Children of immigrants / Jacob Riis -- Letter to Lillian Wald / Jacob Riis -- Growing up on New York's Lower East Side / Young Polish girl -- Boy immigrant from Italy / Rocco Corresca -- Why I joined the labor union / Lithuanian meat packer -- Language barrier / Gina Speranza -- Letters to the Jewish Daily Forward / Four Jewish immigrants -- Polish peasant girl in America / Aleksandra Rembienska -- Immigrant from Blato, Yugoslavia / Louis Adamic -- Strike in the garment industry / Viennese coat presser -- Wayfarers of all nationalities / Stephen Graham -- Pay day / Angelo M. Pelligrini -- Roumanian in America -- Konrad Bercovici -- From the diary of a German student at Princeton / Anonymous -- Cleanliness is next to godliness / David Sarnoff -- Old-fashioned immigrant in search of adventure / Dr. Rene Dubos."
          }
        ]
      }
    },
    {
      "651": {
        "ind1": "\\",
        "ind2": "0",
        "subfields": [
          {
            "a": "United States"
          },
          {
            "x": "Emigration and immigration"
          },
          {
            "v": "Biography"
          },
          {
            "v": "Juvenile literature."
          }
        ]
      }
    },
    {
      "651": {
        "ind1": "\\",
        "ind2": "0",
        "subfields": [
          {
            "a": "United States"
          },
          {
            "x": "Emigration and immigration"
          },
          {
            "v": "Personal narratives."
          }
        ]
      }
    },
    {
      "650": {
        "ind1": "\\",
        "ind2": "7",
        "subfields": [
          {
            "a": "Emigration and immigration."
          },
          {
            "2": "fast"
          },
          {
            "0": "(OCoLC)fst00908690"
          }
        ]
      }
    },
    {
      "651": {
        "ind1": "\\",
        "ind2": "7",
        "subfields": [
          {
            "a": "United States."
          },
          {
            "2": "fast"
          },
          {
            "0": "(OCoLC)fst01204155"
          }
        ]
      }
    },
    {
      "655": {
        "ind1": "\\",
        "ind2": "7",
        "subfields": [
          {
            "a": "Biographies."
          },
          {
            "2": "fast"
          },
          {
            "0": "(OCoLC)fst01919896"
          }
        ]
      }
    },
    {
      "655": {
        "ind1": "\\",
        "ind2": "7",
        "subfields": [
          {
            "a": "Juvenile works."
          },
          {
            "2": "fast"
          },
          {
            "0": "(OCoLC)fst01411637"
          }
        ]
      }
    },
    {
      "655": {
        "ind1": "\\",
        "ind2": "7",
        "subfields": [
          {
            "a": "Personal narratives."
          },
          {
            "2": "fast"
          },
          {
            "0": "(OCoLC)fst01423843"
          }
        ]
      }
    },
    {
      "655": {
        "ind1": "\\",
        "ind2": "7",
        "subfields": [
          {
            "a": "Biographies."
          },
          {
            "2": "lcgft"
          }
        ]
      }
    },
    {
      "655": {
        "ind1": "\\",
        "ind2": "7",
        "subfields": [
          {
            "a": "Personal narratives."
          },
          {
            "2": "lcgft"
          }
        ]
      }
    },
    {
      "700": {
        "ind1": "1",
        "ind2": "\\",
        "subfields": [
          {
            "a": "Hoff, Rhoda,"
          },
          {
            "e": "compiler."
          }
        ]
      }
    },
    {
      "776": {
        "ind1": "0",
        "ind2": "8",
        "subfields": [
          {
            "i": "Online version:"
          },
          {
            "a": "Hoff, Rhoda."
          },
          {
            "t": "America's immigrants."
          },
          {
            "d": "New York, H.Z. Walck, 1967"
          },
          {
            "w": "(OCoLC)682230085"
          }
        ]
      }
    },
    {
      "994": {
        "ind1": "\\",
        "ind2": "\\",
        "subfields": [
          {
            "a": "Z0"
          },
          {
            "b": "NYRVC"
          }
        ]
      }
    },
    {
      "948": {
        "ind1": "\\",
        "ind2": "\\",
        "subfields": [
          {
            "h": "NO HOLDINGS IN NYRVC - 375 OTHER HOLDINGS"
          }
        ]
      }
    },
    {
      "999": {
        "ind1": "\\",
        "ind2": "\\",
        "subfields": [
          {
            "a": "00000000015238"
          }
        ]
      }
    }
  ]
}